<record xmlns='http://www.loc.gov/MARC21/slim'><leader>02100cas a2200409 a 4500</leader><controlfield tag='001'>3914143</controlfield><controlfield tag='005'>20170720173426.0</controlfield><controlfield tag='008'>040813d20032009xnaar        s0   a0eng d</controlfield><datafield ind1='1' ind2=' ' tag='019'><subfield code='a'>26114718</subfield></datafield><datafield ind1=' ' ind2=' ' tag='035'><subfield code='a'>(OCoLC)224193299</subfield></datafield><datafield ind1=' ' ind2=' ' tag='040'><subfield code='a'>NSL</subfield><subfield code='b'>eng</subfield><subfield code='c'>NSL</subfield><subfield code='d'>NSL</subfield><subfield code='d'>ANL</subfield></datafield><datafield ind1=' ' ind2=' ' tag='042'><subfield code='a'>anuc</subfield></datafield><datafield ind1=' ' ind2=' ' tag='043'><subfield code='a'>u-at-ne</subfield></datafield><datafield ind1='0' ind2='4' tag='082'><subfield code='a'>354.0994405</subfield><subfield code='2'>22</subfield></datafield><datafield ind1='1' ind2=' ' tag='110'><subfield code='a'>New South Wales.</subfield><subfield code='b'>Department of Lands.</subfield></datafield><datafield ind1='1' ind2='0' tag='240'><subfield code='a'>Annual report (2003)</subfield></datafield><datafield ind1='1' ind2='0' tag='245'><subfield code='a'>Annual report ... /</subfield><subfield code='c'>Department of Lands.</subfield></datafield><datafield ind1='1' ind2='7' tag='246'><subfield code='a'>Department of Lands annual report ...</subfield></datafield><datafield ind1='1' ind2='3' tag='246'><subfield code='a'>NSW Department of Lands annual report</subfield></datafield><datafield ind1=' ' ind2=' ' tag='260'><subfield code='a'>Sydney, N.S.W. :</subfield><subfield code='b'>Department of Lands,</subfield><subfield code='c'>2003-2009.</subfield></datafield><datafield ind1=' ' ind2=' ' tag='300'><subfield code='a'>v. ;</subfield><subfield code='c'>30 cm.</subfield></datafield><datafield ind1='0' ind2=' ' tag='362'><subfield code='a'>2002/2003-2008/2009.</subfield></datafield><datafield ind1=' ' ind2=' ' tag='500'><subfield code='a'>Cover title.</subfield></datafield><datafield ind1=' ' ind2=' ' tag='500'><subfield code='a'>At foot of cover: &quot;Including Board of Surveying and Spatial Information&quot;.</subfield></datafield><datafield ind1=' ' ind2=' ' tag='515'><subfield code='a'>Report year ends 30 June.</subfield></datafield><datafield ind1=' ' ind2=' ' tag='530'><subfield code='a'>Also available online from Land &amp; Property Information website. Address as at 07/06/2013:</subfield><subfield code='u'>http://www.lpi.nsw.gov.au/publications/annual_reports/archived_annual_report</subfield></datafield><datafield ind1=' ' ind2=' ' tag='580'><subfield code='a'>Continued in part by: New South Wales. Board of Surveying and Spatial Information. Annual report and NSW Land and Property Management Authority.  Highlights.</subfield></datafield><datafield ind1='1' ind2='0' tag='610'><subfield code='a'>New South Wales.</subfield><subfield code='b'>Department of Lands</subfield><subfield code='v'>Periodicals.</subfield></datafield><datafield ind1='1' ind2='0' tag='610'><subfield code='a'>New South Wales.</subfield><subfield code='b'>Board of Surveying and Spatial Information</subfield><subfield code='v'>Periodicals.</subfield></datafield><datafield ind1='1' ind2='2' tag='710'><subfield code='a'>New South Wales.</subfield><subfield code='b'>Board of Surveying and Spatial Information.</subfield><subfield code='t'>Annual report.</subfield></datafield><datafield ind1='1' ind2=' ' tag='710'><subfield code='a'>New South Wales.</subfield><subfield code='b'>Board of Surveying and Spatial Information</subfield></datafield><datafield ind1='2' ind2=' ' tag='710'><subfield code='a'>Land and Property Management Authority (N.S.W.)</subfield></datafield><datafield ind1='0' ind2='1' tag='780'><subfield code='a'>New South Wales. Dept. of Land and Water Conservation.</subfield><subfield code='t'>Annual report</subfield><subfield code='x'>1325-202X</subfield></datafield><datafield ind1='0' ind2='5' tag='780'><subfield code='a'>New South Wales. Board of Surveyors.</subfield><subfield code='t'>Report to the Minister ... by the Board of Surveyors of New South Wales</subfield></datafield><datafield ind1='1' ind2='1' tag='785'><subfield code='a'>New South Wales. Board of Surveying and Spatial Information.</subfield><subfield code='t'>Annual report</subfield><subfield code='x'>1837-3208</subfield><subfield code='g'>2008/09-</subfield></datafield><datafield ind1='1' ind2='1' tag='785'><subfield code='a'>Land and Property Management Authority (N.S.W.).</subfield><subfield code='t'>Annual report</subfield></datafield><datafield ind1='1' ind2='1' tag='785'><subfield code='a'>Land and Property Management Authority (N.S.W.).</subfield><subfield code='t'>Highlights</subfield></datafield></record>